@misc{dungeoPainterStudio,
	title={Dungeon maps for RPG. Create maps online, download as PDF and PNG.},
	url={http://pyromancers.com/},
	journal={Pyromancers.com},
	author={Sovko, Alexey},
	year={2017}
},

@misc{lxml,
	title={lxml - Processing XML and HTML with Python},
	url={http://lxml.de/},
	journal={Lxml.de},
	author={Behnel, Stefan},
	year={2017}
},

@misc{donjon,
	title={donjon; RPG Tools},
	url={https://donjon.bin.sh/},
	journal={Donjon.bin.sh},
	author={Arneson, Dave and Stucki, Derek and Gygax, Gary and Babcock, Jim and Olsson, John and Monk, Kate and Miller, Marc and Stacey, Robin and Ross, S. John and deBoer, Silas},
	year={2017}
},



@mastersthesis{Shanel_2017,
	title={MobChar - balíček pro Pána jeskyně v Dračím doupěti},
	school={České vysoké ucení technické},
	type={Bakalářská práce},
	author={Sháněl, Matej},
	year={2017}
},

@mastersthesis{Weberova_2017,
	title={MobChar - balíček pro Dračí doupě 3.0},
	school={České vysoké ucení technické},
	author={Weberová, Šárka},
	type={Bakalářská práce},
	year={2017}
},

@book{draci_doupe_PJ,
	place={[Praha]},
	title={Dračí doupě pro Pána jeskyně, verze 1.5},
	edition={1},
	publisher={Altar},
	year={1994}
},

@book{draci_doupe,
	place={[Praha]},
	edition={1},
	title={Dračí doupě, verze 1.5},
	publisher={Altar},
	author={Bronec, Michael and Vorlová, Jiřina a Klíma, Martin},
	year=	{1998}
}